@inproceedings{bib:jannlab,
	title     = {JANNLab Neural Network Framework for Java},
	booktitle = {Poster Proceedings Conference {MLDM} 2013},
	publisher = {ibai-publishing},
	author    = {Sebastian Otte and Dirk Krechel and Marcus Liwicki},
	address   = {New York, USA},
	pages     = {39--46},
	year      = {2013}
}


@misc{bib:neuron,
	howpublished = {\url{online.science.psu.edu/bisc004_activewd001/node/1907}},
	note = {abgerufen am 10.05.2017}
}


@misc{bib:mlp,
	howpublished = {\url{cs.us.es/~fsancho/?e=135}},
	note = {abgerufen am 13.06.2017}
}

@book{bib:aneuron,
	title = {Neural Networks: A Comprehensive Foundation},
	author = {Simon Haykin},
	year = {1994}
}
@misc{bib:number,
	howpublished = {\url{en.wikipedia.org/wiki/List_of_animals_by_number_of_neurons}},
	note = {abgerufen am 13.06.2017}
}

@misc{bib:,
	howpublished = {\url{}},
	note = {abgerufen am 13.06.2017}
}
@misc{bib:,
	howpublished = {\url{}},
	note = {abgerufen am 13.06.2017}
}
@misc{bib:,
	howpublished = {\url{}},
	note = {abgerufen am 13.06.2017}
}
@misc{bib:,
	howpublished = {\url{}},
	note = {abgerufen am 13.06.2017}
}

\begin{thebibliography}{xxxx}

\bibitem{bib:nn}\url{www.neuronalesnetz.de/} (abgerufen am 02.06.2017)
\bibitem{bib:bp}\url{www.informatikseite.de/neuro/node24.php} (abgerufen am 03.06.2017)
\bibitem{bib:rnn}\url{www.wildml.com/2015/09/recurrent-neural-networks-tutorial-part-1-introduction-to-rnns/} (abgerufen am 04.06.2017)
\bibitem{bib:vgp}\url{eric-yuan.me/rnn2-lstm/} (abgerufen am 14.05.2017)
\bibitem{bib:lstm}\url{www.quora.com/How-does-LSTM-help-prevent-the-vanishing-and-exploding-gradient-problem-in-a-recurrent-neural-network} (abgerufen am 04.06.2017)
\bibitem{bib:allo}\url{research.googleblog.com/2016/05/chat-smarter-with-allo.html} (abgerufen am 04.06.2017)
\bibitem{bib:apple}\url{www.theinformation.com/apples-machines-can-learn-too} (abgerufen am 04.06.2017)
\bibitem{bib:amazon}\url{www.allthingsdistributed.com/2016/11/amazon-ai-and-alexa-for-all-aws-apps.html} (abgerufen am 04.06.2017)
\bibitem{bib:lstm2}\url{colah.github.io/posts/2015-08-Understanding-LSTMs/} (abgerufen am 04.06.2017)
\bibitem{bib:est}\url{www.ncbi.nlm.nih.gov/pmc/articles/PMC3314399/} (abgerufen am 05.06.2017)
\bibitem{bib:est1}\url{www.ncbi.nlm.nih.gov/pmc/articles/PMC2852534/} (abgerufen am 05.06.2017)

\bibitem{bib:adam}\url{www.sebastianruder.com/optimizing-gradient-descent/} (abgerufen am 04.06.2017)




\end{thebibliography}

